
@InProceedings{SVCOMP,
  author    = {Beyer, Dirk},
  title     = {Status Report on Software Verification},
  booktitle = {Tools and Algorithms for the Construction and Analysis of Systems},
  volume    = {8413},
  series    = {Lecture Notes in Computer Science},
  pages     = {373--388},
  publisher = {Springer},
  date      = {2014},
  doi       = {10.1007/978-3-642-54862-8_25},
  isbn      = {978-3-642-54861-1},
  language  = {English},
}

@Book{cesare:xiang,
  title     = {Software Similarity and Classification.},
  publisher = {Springer},
  author    = {Cesare, Silvio and Xiang, Yang},
  date      = {2012},
  doi       = {10.1007/978-1-4471-2909-7},
  isbn      = {978-1-4471-2908-0},
  keywords  = {dblp},
  pages     = {I-XIV, 1-88},
  timestamp = {2013-11-27T11:33:25.000+0100},
}

@InProceedings{why3:shephard,
  author    = {Fran{\cc}ois Bobot and Filli{\^a}tre, Jean-Christophe and Claude March{\'e} and Andrei Paskevich},
  title     = {Why3: Shepherd your herd of provers},
  booktitle = {Workshop on Intermediate Verification Languages},
  pages     = {53--64},
  date      = {2011},
  location  = {Wroclaw, Poland},
}

@Article{Sutcliffe200139,
  author       = {Geoff Sutcliffe and Christian Suttner},
  title        = {Evaluating general purpose automated theorem proving systems},
  volume       = {131},
  number       = {1-2},
  pages        = {39--54},
  date         = {2001},
  doi          = {10.1016/S0004-3702(01)00113-8},
  issn         = {0004-3702},
  journaltitle = {Artificial Intelligence},
  keywords     = {\{ATP\} system evaluation, ATP problem classification, ATP problem evaluation },
  url          = {http://www.sciencedirect.com/science/article/pii/S0004370201001138},
}

@Book{DataMining,
  title     = {Data mining: concepts and techniques},
  publisher = {Elsevier},
  author    = {Han,Jiawei and Kamber,Micheline},
  edition   = {3rd},
  date      = {2012},
}

@Book{MLBishop,
  title     = {Pattern recognition and machine learning},
  publisher = {Springer},
  author    = {Bishop,Christopher M.},
  date      = {2006},
}

@InProceedings{DPVZ15:CAV,
  author    = {Demyanova, Yulia and Pani, Thomas and Veith, Helmut and Zuleger, Florian},
  title     = {Empirical Software Metrics for Benchmarking of Verification Tools},
  booktitle = {Computer Aided Verification},
  volume    = {9206},
  series    = {Lecture Notes in Computer Science},
  pages     = {561--579},
  publisher = {Springer},
  date      = {2015},
  doi       = {10.1007/978-3-319-21690-4_39},
  isbn      = {978-3-319-21689-8},
  language  = {English},
}

@InProceedings{Z3,
  author    = {De Moura, Leonardo and Bj{\o}rner, Nikolaj},
  title     = {Z3: An Efficient SMT Solver},
  booktitle = {Tools and Algorithms for the Construction and Analysis of Systems},
  volume    = {4963},
  series    = {Lecture Notes in Computer Science},
  pages     = {337--340},
  publisher = {Springer},
  acmid     = {1792766},
  date      = {2008},
  isbn      = {3-540-78799-2, 978-3-540-78799-0},
  location  = {Budapest, Hungary},
  numpages  = {4},
  url       = {http://dl.acm.org/citation.cfm?id=1792734.1792766},
}

@Article{DeMoura:2011:SMT,
  author       = {De Moura, Leonardo and Bj{\o}rner, Nikolaj},
  title        = {Satisfiability Modulo Theories: Introduction and Applications},
  volume       = {54},
  number       = {9},
  pages        = {69--77},
  acmid        = {1995394},
  date         = {2011-09},
  doi          = {10.1145/1995376.1995394},
  issn         = {0001-0782},
  issue_date   = {September 2011},
  journaltitle = {Commun. ACM},
  location     = {New York, NY},
  numpages     = {9},
  publisher    = {ACM},
}

@Book{Bertot:2010:ITP:1965123,
  title     = {Interactive Theorem Proving and Program Development: Coq'Art The Calculus of Inductive Constructions},
  publisher = {Springer Publishing Company, Incorporated},
  author    = {Bertot, Yves and Castran, Pierre},
  edition   = {1st},
  date      = {2010},
  isbn      = {3642058809, 9783642058806},
}

@Article{specsharp,
  author       = {Barnett,Mike and Leino,K. R. M. and Schulte,Wolfram},
  title        = {The Spec\# Programming System: An Overview},
  volume       = {3362},
  pages        = {49--69},
  date         = {2005},
  isbn         = {0302-9743},
  journaltitle = {Lecture Notes in Computer Science},
  language     = {English},
}

@InBook{Barnett2006,
  pages     = {364--387},
  title     = {Boogie: A Modular Reusable Verifier for Object-Oriented Programs},
  publisher = {Springer Berlin Heidelberg},
  author    = {Barnett, Mike and Chang, Bor-Yuh Evan and DeLine, Robert and Jacobs, Bart and Leino, K. Rustan M.},
  editor    = {de Boer, Frank S. and Bonsangue, Marcello M. and Graf, Susanne and de Roever, Willem-Paul},
  booktitle = {Formal Methods for Components and Objects: 4th International Symposium, FMCO 2005, Amsterdam, The Netherlands, November 1-4, 2005, Revised Lectures},
  date      = {2006},
  doi       = {10.1007/11804192_17},
  isbn      = {978-3-540-36750-5},
  location  = {Berlin, Heidelberg},
}

@Misc{alt-ergo,
  author = {Conchon, Sylvain and Contejean, Evan},
  title  = {The Alt-Ergo automatic theorem prover},
  date   = {2008},
  url    = {http://alt-ergo.lri.fr/},
}

@InProceedings{cav06,
  author    = {Dutertre, Bruno and de Moura, Leonardo},
  title     = {A Fast Linear-Arithmetic Solver for {DPLL(T)}},
  booktitle = {Computer-Aided Verification (CAV'2006)},
  volume    = {4144},
  series    = {Lecture Notes in Computer Science},
  pages     = {81--94},
  publisher = {Springer-Verlag},
  date      = {2006-08},
}

@InProceedings{veriT,
  author   = {Bouton,Thomas and Caminha B. De Oliveira, Diego and DÃ©harbe,David and Fontaine,Pascal},
  title    = {VeriT: An open, trustable and efficient SMT-solver},
  editor   = {Schmidt,Renate A.},
  volume   = {5663},
  pages    = {151--156},
  date     = {2009},
  isbn     = {0302-9743},
  language = {English},
}

@InBook{Leino2010,
  pages     = {348--370},
  title     = {Dafny: An Automatic Program Verifier for Functional Correctness},
  publisher = {Springer Berlin Heidelberg},
  author    = {Leino, K. Rustan M.},
  editor    = {Clarke, Edmund M. and Voronkov, Andrei},
  booktitle = {Logic for Programming, Artificial Intelligence, and Reasoning: 16th International Conference, LPAR-16, Dakar, Senegal, April 25--May 1, 2010, Revised Selected Papers},
  date      = {2010},
  doi       = {10.1007/978-3-642-17511-4_20},
  isbn      = {978-3-642-17511-4},
  location  = {Berlin, Heidelberg},
}

@InProceedings{cvc3,
  author    = {Clark Barrett and Cesare Tinelli},
  title     = {{CVC3}},
  booktitle = {Proceedings of the $19^{th}$ International Conference on Computer Aided Verification (CAV '07)},
  editor    = {Werner Damm and Holger Hermanns},
  volume    = {4590},
  series    = {Lecture Notes in Computer Science},
  pages     = {298--302},
  publisher = {Springer-Verlag},
  note      = {Berlin, Germany},
  date      = {2007-07},
}

@Article{SMT-COMP,
  author       = {Barrett, Clark and Deters, Morgan and de Moura, Leonardo and Oliveras, Albert and Stump, Aaron},
  title        = {6 Years of {\scshape SMT-COMP}},
  volume       = {50},
  number       = {3},
  pages        = {243--277},
  date         = {2013},
  doi          = {10.1007/s10817-012-9246-5},
  issn         = {0168-7433},
  journaltitle = {Journal of Automated Reasoning},
  keywords     = {SAT Modulo Theories; Competition; Experimental evaluation},
  language     = {English},
  publisher    = {Springer},
}

@Book{AdvancedEmpirical,
  title     = {Guide to advanced empirical software engineering},
  publisher = {Springer},
  author    = {Shull,Forrest and Singer,Janice and Sjoberg,Dag I. K.},
  date      = {2008},
  isbn      = {1849967121; 9781849967129; 9781848000438; 184800043X},
  language  = {English},
  pages     = {1--388},
}

@Book{LiljaJ,
  title     = {Measuring computer performance: a practitioner's guide},
  publisher = {Cambridge Univ. Press},
  author    = {Lilja,David J},
  date      = {2000},
  isbn      = {9780521641050; 0521641055; 9780511151347; 0511151349},
  keywords  = {Evaluation; Electronic digital computers; Congre; Computer Science; COMPUTERS; Performance of systems; Computer systems organisation; Electronic digital computers -- Evaluation -- Congresses},
  language  = {English},
}

@Misc{BarST-SMTLIB,
  author       = {Clark Barrett and Aaron Stump and Cesare Tinelli},
  title        = {{The Satisfiability Modulo Theories Library (SMT-LIB)}},
  howpublished = {{\tt www.SMT-LIB.org}},
  date         = {2010},
}

@Book{isabelle,
  title     = {Isabelle/HOL: A Proof Assistant for Higher-order Logic},
  publisher = {Springer-Verlag},
  author    = {Nipkow, Tobias and:manual Wenzel, Markus and Paulson, Lawrence C.},
  date      = {2002},
  isbn      = {3-540-43376-7},
  location  = {Berlin, Heidelberg},
}

@InProceedings{CVC4,
  author    = {Barrett, Clark and Conway, Christopher L. and Deters, Morgan and Hadarean, Liana and Jovanovi\'{c}, Dejan and King, Tim and Reynolds, Andrew and Tinelli, Cesare},
  title     = {{\scshape CVC4}},
  booktitle = {Computer Aided Verification},
  volume    = {6806},
  series    = {Lecture Notes in Computer Science},
  pages     = {171--177},
  publisher = {Springer},
  acmid     = {2032319},
  date      = {2011},
  isbn      = {978-3-642-22109-5},
  location  = {Snowbird, UT},
  numpages  = {7},
  url       = {http://dl.acm.org/citation.cfm?id=2032305.2032319},
}

@InBook{Beyer2015,
  pages     = {160--178},
  title     = {Benchmarking and Resource Measurement},
  publisher = {Springer International Publishing},
  author    = {Beyer, Dirk and L{\"o}we, Stefan and Wendler, Philipp},
  editor    = {Fischer, Bernd and Geldenhuys, Jaco},
  booktitle = {Model Checking Software: 22nd International Symposium, SPIN 2015, Stellenbosch, South Africa, August 24-26, 2015, Proceedings},
  date      = {2015},
  doi       = {10.1007/978-3-319-23404-5_12},
  isbn      = {978-3-319-23404-5},
  location  = {Cham},
}

@Article{SMTEVAL2013,
  author       = {Cok, DavidR. and Stump, Aaron and Weber, Tjark},
  title        = {The 2013 Evaluation of {\scshape smt-comp} and {\scshape smt-lib}},
  volume       = {55},
  number       = {1},
  pages        = {61--90},
  date         = {2015},
  doi          = {10.1007/s10817-015-9328-2},
  issn         = {0168-7433},
  journaltitle = {Journal of Automated Reasoning},
  keywords     = {SMT-COMP; Competition; SMT-LIB; SMT solvers; Model checking},
  language     = {English},
  publisher    = {Springer Netherlands},
}

@Article{beyer_et_al:DR:2014:4615,
  author       = {Dirk Beyer and Marieke Huisman and Vladimir Klebanov and Rosemary Monahan},
  title        = {{Evaluating Software Verification Systems: Benchmarks and Competitions (Dagstuhl Reports 14171)}},
  volume       = {4},
  number       = {4},
  pages        = {1--19},
  annotation   = {Keywords: Formal Verification, Deductive Verification, Automatic Verification, Theorem Proving, Model Checking, Program Analysis, Competition, Comparative Eval},
  date         = {2014},
  doi          = {10.4230/DagRep.4.4.1},
  editor       = {Dirk Beyer and Marieke Huisman and Vladimir Klebanov and Rosemary Monahan},
  issn         = {2192-5283},
  journaltitle = {Dagstuhl Reports},
  location     = {Dagstuhl, Germany},
  publisher    = {Schloss Dagstuhl--Leibniz-Zentrum fuer Informatik},
  url          = {http://drops.dagstuhl.de/opus/volltexte/2014/4615},
  urn          = {urn:nbn:de:0030-drops-46157},
}

@InProceedings{filliatre:hal-00809651,
  author      = {Filli{\^a}tre, Jean-Christophe},
  title       = {{One Logic To Use Them All}},
  booktitle   = {{CADE 24 - the 24th International Conference on Automated Deduction}},
  editor      = {Maria Paola Bonacina},
  publisher   = {{Springer}},
  date        = {2013-06},
  file        = {main.pdf:https\:/hal.inria.fr/hal-00809651/file/main.pdf:PDF},
  hal_id      = {hal-00809651},
  hal_version = {v1},
  location    = {Lake Placid, NY, United States},
  url         = {https://hal.inria.fr/hal-00809651},
}

@InProceedings{MUX,
  author    = {Tulsian,Varun and Kanade,Aditya and Kumar,Rahul and Lal,Akash and Nori,Aditya V.},
  title     = {MUX: algorithm selection for software model checkers},
  pages     = {132--141},
  publisher = {ACM},
  date      = {2014},
  isbn      = {1450328636;9781450328630;},
  language  = {English},
}

@InProceedings{bormer:hal-00789525,
  author      = {Bormer, Thorsten and Brockschmidt, Marc and Distefano, Dino and Ernst, Gidon and Filli{\^a}tre, Jean-Christophe and Grigore, Radu and Huisman, Marieke and Klebanov, Vladimir and March{\'e}, Claude and Monahan, Rosemary and Mostowski, Wojciech and Polikarpova, Nadia and Scheben, Christoph and Schellhorn, Gerhard and Tofan, Bogdan and Tschannen, Julian and Ulbrich, Mattias},
  title       = {{The COST {IC}0701~{V}erification Competition 2011}},
  booktitle   = {{Formal Verification of Object-Oriented Software, Revised Selected Papers Presented at the International Conference, FoVeOOS 2011}},
  volume      = {7421},
  series      = {Lecture Notes in Computer Science},
  publisher   = {{Springer}},
  date        = {2011},
  file        = {costcomp2011.pdf:https\:/hal.inria.fr/hal-00789525/file/costcomp2011.pdf:PDF},
  hal_id      = {hal-00789525},
  hal_version = {v1},
  location    = {Torino, Italy},
  url         = {https://hal.inria.fr/hal-00789525},
}

@Misc{Leino10vacid-0:verification,
  author = {K. Rustan M. Leino and Michal Moskal},
  title  = {VACID-0: Verification of Ample Correctness of Invariants of Data-structures, Edition 0},
  date   = {2010},
}

@InBook{Klebanov2011,
  pages     = {154--168},
  title     = {The 1{s}t Verified Software Competition: Experience Report},
  publisher = {Springer Berlin Heidelberg},
  author    = {Klebanov, Vladimir and M{\"u}ller, Peter and Shankar, Natarajan and Leavens, Gary T. and W{\"u}stholz, Valentin and Alkassar, Eyad and Arthan, Rob and Bronish, Derek and Chapman, Rod and Cohen, Ernie and Hillebrand, Mark and Jacobs, Bart and Leino, K. Rustan M. and Monahan, Rosemary and Piessens, Frank and Polikarpova, Nadia and Ridge, Tom and Smans, Jan and Tobies, Stephan and Tuerk, Thomas and Ulbrich, Mattias and Wei{\ss}, Benjamin},
  editor    = {Butler, Michael and Schulte, Wolfram},
  booktitle = {FM 2011: Formal Methods: 17th International Symposium on Formal Methods, Limerick, Ireland, June 20-24, 2011. Proceedings},
  date      = {2011},
  doi       = {10.1007/978-3-642-21437-0_14},
  isbn      = {978-3-642-21437-0},
  location  = {Berlin, Heidelberg},
}

@Article{verifythis,
  author       = {Bobot,Fran{\cc}ois and Filli{\^a}tre,Jean-Christophe and March{\'e},Claude and Paskevich,Andrei},
  title        = {Let's verify this with Why3},
  volume       = {17},
  number       = {6},
  pages        = {709},
  date         = {2015},
  isbn         = {1433-2779},
  journaltitle = {International Journal on Software Tools for Technology Transfer},
  language     = {English},
}
