
@inproceedings{Boogie,
	author="Barnett, Mike
		and Chang, Bor-Yuh Evan
		and DeLine, Robert
		and Jacobs, Bart
		and Leino, K. Rustan M.",
	title="Boogie: A Modular Reusable Verifier for Object-Oriented Programs",
	bookTitle="Formal Methods for Components and Objects: 4th International Symposium",
	year="Nov 2005",
    address={Amsterdam, The Netherlands},
    pages="364--387",
	//publisher="Springer",
	//address="Berlin, Heidelberg",
	//isbn="978-3-540-36750-5",
	//doi="10.1007/11804192_17",
	//url="http://dx.doi.org/10.1007/11804192_17"
}

@inproceedings{spec,
    author = {Barnett, Mike and Leino, K. Rustan M. and Schulte, Wolfram },
    title = {The {S}pec\# Programming System: An Overview},
    booktitle = {Construction and Analysis of Safe, Secure and Interoperable Smart devices},
    pages = {49-69},
    //volume = {3362},
    address = {Marseille, France},
    year = {Mar 2004},
    //month = {January},
    //publisher = {Springer},
    //url = {https://www.microsoft.com/en-us/research/publication/the-spec-programming-system-an-overview/},
}

@inproceedings{CVC4,
	author = {Barrett, Clark and Conway, Christopher L. and Deters, Morgan and Hadarean, Liana and Jovanovi\'{c}, Dejan and King, Tim and Reynolds, Andrew and Tinelli, Cesare},
	title = {{\scshape CVC4}},
	booktitle = {Computer Aided Verification},
	year = {July 2011},
	//isbn = {978-3-642-22109-5},
	address = {Snowbird, UT, USA},
	pages = {171--177},
	numpages = {7},
	//series={Lecture Notes in Computer Science},
	//volume    = {6806},
	//url = {http://dl.acm.org/citation.cfm?id=2032305.2032319},
	acmid = {2032319},
	//publisher = {Springer},
} 

@MISC{SMTLIB,
  author =	 {Clark Barrett and Aaron Stump and Cesare Tinelli},
  title =	 {{The Satisfiability Modulo Theories Library (SMT-LIB)}},
  url = {http://www.smt-lib.org},
  year =	 2010,
}

@inproceedings{CVC3,
	author    = "Clark Barrett and Cesare Tinelli",
	title     = "{CVC3}",
	booktitle = "Computer Aided Verification",
    pages     = "298--302",
    address	  = {Berlin, Germany},
    year      = {July 2007},
	//series    = "Lecture Notes in Computer Science",
	//volume    = 4590,
	//publisher = "Springer",
	//editor    = "Werner Damm and Holger Hermanns",
	//month     = jul,
	

}

@inproceedings{SVCOMP,
	isbn={978-3-642-54861-1},
	booktitle={Tools and Algorithms for the Construction and Analysis of Systems},
	title={Status Report on Software Verification},
	author={Beyer, Dirk},
	pages={373-388},
	language={English},
	//url={http://dx.doi.org/10.1007/978-3-642-54862-8_25},
	//publisher={Springer},
    address ={Grenoble, France},
	year={Apr 2014},
	//volume={8413},
	//series={Lecture Notes in Computer Science},
	//doi={10.1007/978-3-642-54862-8_25},
}

@Article{Dagstuhl,
	author =	{Dirk Beyer and Marieke Huisman and Vladimir Klebanov and Rosemary Monahan},
	title =	{{Evaluating Software Verification Systems: Benchmarks and Competitions (Dagstuhl Reports 14171)}},
	//pages =	{1--19},
	journal =	{Dagstuhl Reports},
	//ISSN =	{2192-5283},
	year =	{2014},
	volume =	{4},
	number =	{4},
	//editor =	{Dirk Beyer and Marieke Huisman and Vladimir Klebanov and Rosemary Monahan},
	publisher =	{Schloss Dagstuhl--Leibniz-Zentrum fuer Informatik},
	address =	{Dagstuhl, Germany},
	//URL =		{http://drops.dagstuhl.de/opus/volltexte/2014/4615},
	//doi =		{http://dx.doi.org/10.4230/DagRep.4.4.1}
}

@inproceedings{benchexec,
	author    = {Dirk Beyer and
	           Stefan L{\"{o}}we and
	           Philipp Wendler},
	title     = {Benchmarking and Resource Measurement},
	booktitle = {Model Checking Software - 22nd International Symposium, {SPIN} 2015},
	pages     = {160--178},
    address = {Stellenbosch, South Africa},
	year      = {Aug 2015},
    //publisher = {Springer},
	//crossref  = {DBLP:conf/spin/2015},
	//url       = {http://dx.doi.org/10.1007/978-3-319-23404-5_12},
	//doi       = {10.1007/978-3-319-23404-5_12}
}

@inproceedings{Z3,
	author = {De Moura, Leonardo and Bj{\o}rner, Nikolaj},
	title = {Z3: An Efficient {SMT} Solver},
	booktitle = {Tools and Algorithms for the Construction and Analysis of Systems},
	year = {Mar 2008},
	//series    = {Lecture Notes in Computer Science},
	//volume    = {4963},
	//isbn = {3-540-78799-2, 978-3-540-78799-0},
	address = {Budapest, Hungary},
	pages = {337--340},
	numpages = {4},
	//url = {http://dl.acm.org/citation.cfm?id=1792734.1792766},
	acmid = {1792766},
	//publisher = {Springer},
} 

@Article{Sledgehammer,
	author="Blanchette, Jasmin Christian
	and Greenaway, David
	and Kaliszyk, Cezary
	and K{\"u}hlwein, Daniel
	and Urban, Josef",
	title="A Learning-Based Fact Selector for {I}sabelle/{HOL}",
	journal="Journal of Automated Reasoning",
	year="2016",
	pages="1--26",
	//issn="1573-0670",
    publisher = "Springer",
	//doi="10.1007/s10817-016-9362-8",
	//url="http://dx.doi.org/10.1007/s10817-016-9362-8",
}

@Inproceedings{Zspecs,
	author="Bollin, Andreas",
	//editor="Qin, Shengchao
	and Qiu, Zongyan",
	title={Is There Evolution Before Birth? Deterioration Effects of Formal Z Specifications},
	bookTitle={Formal Methods and Software Engineering: 13th International Conference on Formal Engineering Methods},
	year="October 2011",
	//publisher="Springer Berlin Heidelberg",
	address="Durham, UK",
	pages="66--81",
	//isbn="978-3-642-24559-6",
	//doi="10.1007/978-3-642-24559-6_7",
	//url="http://dx.doi.org/10.1007/978-3-642-24559-6_7"
}

@inproceedings{CostIndicator,
	author={Matichuk,Daniel and Murray,Toby and Andronick,June and Jeffery,Ross and Klein,Gerwin and Staples,Mark},
	year={May 2015},
	title={Empirical study towards a leading indicator for cost of formal software verification},
	bookTitle={37th International Conference on Software Engineering},
	//publisher={IEEE Press},
	volume={1},
	pages={722-732},
	//isbn={0270-5257},
	address={Florence, Italy}
}

@book{Zlang,
	author={Woodcock, Jim and Davies, Jim},
	title={Using Z: specification, refinement, and proof},
	year={1996},
	publisher={Prentice Hall},
	address={London, UK},
	
	
}

@Article{TowardsOCL,
	author={Reynoso, Luis and Genero, Marcela and Piattini, Mario},
	title={Towards a metric suite for OCL Expressions expressed within UML/OCL models},
	journal={Journal of Computer Science and Technology},
	pages="38--44",
	year="2004",
	volume="4",
	number="1"
}

@Inbook{why:whereprovers,
	author="Filli{\^a}tre, Jean-Christophe
	and Paskevich, Andrei",
	//editor="Felleisen, Matthias
	and Gardner, Philippa",
	title="Why3 --- Where Programs Meet Provers",
	bookTitle="Programming Languages and Systems: 22nd European Symposium on Programming, ESOP 2013.",
	address={Rome, Italy},
	year="March 2013",
	//publisher="Springer Berlin Heidelberg",
	//address="Berlin, Heidelberg",
	pages="125--128",
	//isbn="978-3-642-37036-6",
	//doi="10.1007/978-3-642-37036-6_8",
	//url="http://dx.doi.org/10.1007/978-3-642-37036-6_8"
}

@Inproceedings{OCLalt,
	author={Cabot, Jordi and Teniente, Ernest},
	title="A metric for measuring the complexity of {OCL} expressions",
	bookTitle={Workshop on Model Size Metrics (co-located with MODELS 2006)},
	address={Genova, Italy},
	year={October, 2006}	
}

@book{FentonPfleeger,
	author={Fenton,Norman E. and Pfleeger,Shari L.},
	year={1997},
	title={Software metrics: a rigorous and practical approach},
	publisher={PWS Pub},
	address={Boston;London;},
	edition={2nd},
	//isbn={1850322759;9781850322757;9780534954253;0534954251;},
	language={English},
}

@InProceedings{why:shephard,
    author="Bobot, Fran{\c{c}}ois and Filli{\^a}tre, Jean-Christophe and March{\'e}, Claude and Paskevich, Andrei",
    title = {Why3: Shepherd your herd of provers},
    booktitle = {Workshop on Intermediate Verification Languages},
    year = {Aug 2011},
    address = {Wroclaw, Poland},
    pages = {53-64},
}

@Article{verifythis,
	author="Bobot, Fran{\c{c}}ois
	and Filli{\^a}tre, Jean-Christophe
	and March{\'e}, Claude
	and Paskevich, Andrei",
	title="Let's verify this with {W}hy3",
	journal="International Journal on Software Tools for Technology Transfer",
	year="2015",
	volume="17",
	number="6",
	pages="709--727",
	//issn="1433-2787",
	//doi="10.1007/s10009-014-0314-5",
	//url="http://dx.doi.org/10.1007/s10009-014-0314-5"
}

@Inproceedings{why:preserving,
	author="Bobot, Fran{\c{c}}ois
	and Filli{\^a}tre, Jean-Christophe
	and March{\'e}, Claude
	and Melquiond, Guillaume
	and Paskevich, Andrei",
	//editor="Cohen, Ernie
	and Rybalchenko, Andrey",
	title="Preserving User Proofs across Specification Changes",
	bookTitle="Verified Software: Theories, Tools, Experiments: 5th International Conference",
    address ={Menlo Park, CA, USA},
	year={May 2013},
	//publisher="Springer Berlin Heidelberg",
	//address="Berlin, Heidelberg",
	pages="191--201",
	//isbn="978-3-642-54108-7",
	//doi="10.1007/978-3-642-54108-7_10",
	//url="http://dx.doi.org/10.1007/978-3-642-54108-7_10"
}

@InProceedings{why:polymorphic,
	author="Bobot, Fran{\c{c}}ois
	and Paskevich, Andrei",
	//editor="Tinelli, Cesare
	and Sofronie-Stokkermans, Viorica",
	title="Expressing Polymorphic Types in a Many-Sorted Language",
	bookTitle="Frontiers of Combining Systems: 8th International Symposium, FroCoS 2011.",
	year="October 2011",
	//publisher="Springer Berlin Heidelberg",
	address="Saarbr{\"u}cken, Germany",
	pages="87--102",
	//isbn="978-3-642-24364-6",
	//doi="10.1007/978-3-642-24364-6_7",
	//url="http://dx.doi.org/10.1007/978-3-642-24364-6_7"
}

@article{Klein:2014:CFV,
	author = {Klein, Gerwin and Andronick, June and Elphinstone, Kevin and Murray, Toby and Sewell, Thomas and Kolanski, Rafal and Heiser, Gernot},
	title = {Comprehensive Formal Verification of an OS Microkernel},
	journal = {ACM Transactions on Computer Systems},
	issue_date = {February 2014},
	volume = {32},
	number = {1},
	month = feb,
	year = {2014},
	//issn = {0734-2071},
	pages = {2:1--2:70},
	articleno = {2},
	numpages = {70},
	//url = {http://doi.acm.org/10.1145/2560537},
	//doi = {10.1145/2560537},
	//acmid = {2560537},
	publisher = {ACM},
	address = {New York, NY, USA},
} 

@Inproceedings{Aspinall2016,
	author="Aspinall, David
	and Kaliszyk, Cezary",
	//editor="Stevens, Perdita
	and W{\k{a}}sowski, Andrzej",
	title="Towards Formal Proof Metrics",
	bookTitle={Fundamental Approaches to Software Engineering: 19th International Conference, FASE 2016},
	year="April 2016",
	//publisher="Springer Berlin Heidelberg",
	address={Eindhoven, The Netherlands},
	pages="325--341",
	//isbn="978-3-662-49665-7",
	//doi="10.1007/978-3-662-49665-7_19",
	//url="http://dx.doi.org/10.1007/978-3-662-49665-7_19"
}

@article{CandK,
	author={Chidamber,S. R. and Kemerer,C. F.},
	year={1994},
	title={A metrics suite for object oriented design},
	journal={IEEE Transactions on Software Engineering},
	volume={20},
	number={6},
	pages={476-493},
	//isbn={0098-5589},
	language={English},
}

@Inproceedings{Klein2014,
	author="Klein, Gerwin",
	//editor="Jones, Cliff
	and Pihlajasaari, Pekka
	and Sun, Jun",
	title={Proof Engineering Considered Essential},
	bookTitle={FM 2014: Formal Methods: 19th International Symposium},
	year="May 2014",
	//publisher="Springer International Publishing",
	address="Singapore",
	pages="16--21",
	//isbn="978-3-319-06410-9",
	//doi="10.1007/978-3-319-06410-9_2",
	//url="http://dx.doi.org/10.1007/978-3-319-06410-9_2"
}


@misc{hales-kepler,
	author          = "Thomas C. Hales and
	Mark Adams and
	Gertrud Bauer and
	Dat Tat Dang and
	John Harrison and
	Truong Le Hoang and
	Cezary Kaliszyk and
	Victor Magron and
	Sean McLaughlin and
	Thang Tat Nguyen and
	Truong Quang Nguyen and
	Tobias Nipkow and
	Steven Obua and
	Joseph Pleso and
	Jason Rute and
	Alexey Solovyev and
	An Hoai Thi Ta and
	Trung Nam Tran and
	Diep Thi Trieu and
	Josef Urban and
	Ky Khac Vu and
	Roland Zumkeller",
	archivePrefix = "arXiv",
	eprint = {1501.02155},
	title           = "A formal proof of the Kepler conjecture",
	year            = 2015
}

@Inproceedings{b2w,
	author="Ameri, Michael
	and Furia, Carlo A.",
	//editor="{\'A}brah{\'a}m, Erika
	and Huisman, Marieke",
	title={Why Just Boogie?},
	bookTitle={Integrated Formal Methods: 12th International Conference, IFM 2016},
	year="June 2016",
	//publisher="Springer International Publishing",
	address={Reykjavik, Iceland},
	pages="79--95",
	//isbn="978-3-319-33693-0",
	//doi="10.1007/978-3-319-33693-0_6",
	//url="http://dx.doi.org/10.1007/978-3-319-33693-0_6"
}

@inproceedings{atelierB2w,
	author = {David Mentr{\'e} and Claude March{\'e} and Jean-Christophe Filli{\^a}tre and Masashi Asuka},
	title = {Discharging Proof Obligations from {Atelier~B} using
	Multiple Automated Provers},
	booktitle = {ABZ'2012 - 3rd International Conference on Abstract State Machines, Alloy, B and Z},
	//series = {Lecture Notes in Computer Science},
	//editor = {Steve Reeves and Elvinia Riccobene},
	//publisher = {Springer},
	//volume = {7316},
	pages = {238--251},
	year = {June 2012},
	address = {Pisa, Italy}
}

@Inproceedings{why:tptp,
	author="Blanchette, Jasmin Christian
	and Paskevich, Andrei",
	//editor="Bonacina, Maria Paola",
	title="TFF1: The TPTP Typed First-Order Form with Rank-1 Polymorphism",
	bookTitle={CADE-24: 24th International Conference on Automated Deduction},
	year="June 2013",
	//publisher="Springer Berlin Heidelberg",
	address="Lake Placid, NY, USA",
	pages="414--420",
	//isbn="978-3-642-38574-2",
	//doi="10.1007/978-3-642-38574-2_29",
	//url="http://dx.doi.org/10.1007/978-3-642-38574-2_29"
}

@inproceedings{Healy:2016,
	author = {Healy, Andrew and Monahan, Rosemary and Power, James F.},
	title = {Evaluating the Use of a General-purpose Benchmark Suite for Domain-specific SMT-solving},
	booktitle = {31st Annual ACM Symposium on Applied Computing},
	//series = {SAC '16},
	year = {May 2016},
	//isbn = {978-1-4503-3739-7},
	//location = {Pisa, Italy},
	pages = {1558--1561},
	//numpages = {4},
	//url = {http://doi.acm.org/10.1145/2851613.2851975},
	//doi = {10.1145/2851613.2851975},
	//acmid = {2851975},
	//publisher = {ACM},
	address = {Pisa, Italy},
	
} 

@article{MulticlassSVM,
	author={Hsu,Chih-Wei and Lin,Chih-Jen},
	year={2002},
	title={A comparison of methods for multiclass support vector machines},
	journal={IEEE Transactions on Neural Networks},
	volume={13},
	number={2},	
	pages={415-425},
	//isbn={1045-9227},
}

@Article{deductiveSV,
	author="Filli{\^a}tre, Jean-Christophe",
	title="Deductive software verification",
	journal="International Journal on Software Tools for Technology Transfer",
	year="2011",
	volume="13",
	number="5",
	pages="397--403",
	//issn="1433-2787",
	//doi="10.1007/s10009-011-0211-0",
	//url="http://dx.doi.org/10.1007/s10009-011-0211-0"
}


@article{multisurvey,
	author={Borchani,H. and Varando,G. and Bielza,C. and Larranaga,P.},
	year={2015},
	title={A survey on multi-output regression},
	journal={Data Mining And Knowledge Discovery},
	publisher={Wiley \& Sons},
    volume={5},
	number={5},
	pages={216--233},
	//isbn={1942-4787},
	language={English},
}


@inproceedings{bormer:hal-00789525,
	TITLE = {{The COST IC0701 Verification Competition 2011}},
	AUTHOR = {Bormer, Thorsten and Brockschmidt, Marc and Distefano, Dino and Ernst, Gidon and Filli{\^a}tre, Jean-Christophe and Grigore, Radu and Huisman, Marieke and Klebanov, Vladimir and March{\'e}, Claude and Monahan, Rosemary and Mostowski, Wojciech and Polikarpova, Nadia and Scheben, Christoph and Schellhorn, Gerhard and Tofan, Bogdan and Tschannen, Julian and Ulbrich, Mattias},
	//URL = {https://hal.inria.fr/hal-00789525},
	BOOKTITLE = {{Formal Verification of Object-Oriented Software}},
	ADDRESS = {Torino, Italy},
	//PUBLISHER = {{Springer}},
	//SERIES = {Lecture Notes in Computer Science},
	//VOLUME = {7421},
	YEAR = {Oct 2011},
    pages = {3--21},
	PDF = {https://hal.inria.fr/hal-00789525/file/costcomp2011.pdf},
	HAL_ID = {hal-00789525},
	HAL_VERSION = {v1},
}

// comment

@Inproceedings{veriT,
	author="Bouton, Thomas
	and Caminha B. de Oliveira, Diego
	and D{\'e}harbe, David
	and Fontaine, Pascal",
	//editor="Schmidt, Renate A.",
	title="VeriT: An Open, Trustable and Efficient {SMT}-Solver",
	bookTitle="22nd International Conference on Automated Deduction",
	year="Aug 2009",
	//publisher="Springer Berlin Heidelberg",
	address="Montreal, Canada",
	pages="151--156",
	//isbn="978-3-642-02959-2",
	//doi="10.1007/978-3-642-02959-2_12",
	//url="http://dx.doi.org/10.1007/978-3-642-02959-2_12"
}

@Article{RandomForests,
	author="Breiman, Leo",
	title="Random Forests",
	journal="Machine Learning",
	year="2001",
	volume="45",
	number="1",
	pages="5--32",
	//issn="1573-0565",
	//doi="10.1023/A:1010933404324",
	//url="http://dx.doi.org/10.1023/A:1010933404324"
}

@Article{DecisionTrees,
	author="Quinlan, J. R.",
	title="Induction of decision trees",
	journal="Machine Learning",
	year="1986",
	volume="1",
	number="1",
	pages="81--106",
	//issn="1573-0565",
	//doi="10.1007/BF00116251",
	//url="http://dx.doi.org/10.1007/BF00116251"
}

@article{Kaliszyk2015109,
title = "Learning-assisted theorem proving with millions of lemmas ",
journal = "Journal of Symbolic Computation ",
volume = "69",
number = "",
pages = "109 - 128",
year = "2015",
//issn = "0747-7171",
//doi = "http://dx.doi.org/10.1016/j.jsc.2014.09.032",
//url = "http://www.sciencedirect.com/science/article/pii/S074771711400100X",
author = "Kaliszyk, Cezary and  Urban, Josef",
}

@techreport{tafat:inria-00636083,
	TITLE = {{Binary Heaps Formally Verified in Why3}},
	AUTHOR = {Tafat, Asma and March{\'e}, Claude},
	URL = {https://hal.inria.fr/inria-00636083},
	TYPE = {Research Report},
	NUMBER = {RR-7780},
	//PAGES = {33},
	INSTITUTION = {{INRIA}},
	YEAR = {2011},
	MONTH = Oct,
	KEYWORDS = {Formal Specification ; Modularity ; Abstraction ; Theories ; Binary Heap ; Heapsort ; Why3},
	PDF = {https://hal.inria.fr/inria-00636083/file/main.pdf},
	HAL_ID = {inria-00636083},
	HAL_VERSION = {v1},
}


@Inproceedings{Beyer2016,
	author="Beyer, Dirk",
	//editor="Chechik, Marsha
	and Raskin, Jean-Fran{\c{c}}ois",
	title="Reliable and Reproducible Competition Results with BenchExec and Witnesses (Report on SV-COMP 2016)",
	bookTitle="Tools and Algorithms for the Construction and Analysis of Systems: 22nd International Conference",
	year="April 2016",
	//publisher="Springer Berlin Heidelberg",
	address="Eindhoven, The Netherlands",
	pages="887--904",
	//isbn="978-3-662-49674-9",
	//doi="10.1007/978-3-662-49674-9_55",
	//url="http://dx.doi.org/10.1007/978-3-662-49674-9_55"
}


@book{Isabelle,
	author={Nipkow,Tobias and Paulson,Lawrence C. and Wenzel,Markus},
	year={2002},
	title={Isabelle/HOL: a proof assistant for higher-order logic},
	publisher={Springer},
	address={New York, USA},
	//volume={2283},
	//isbn={9783540433767;3540433767;},
}

@Inproceedings{Heras2013,
	author="Heras, J{\'o}nathan
	and Komendantskaya, Ekaterina
	and Johansson, Moa
	and Maclean, Ewen",
	//editor="McMillan, Ken
	and Middeldorp, Aart
	and Voronkov, Andrei",
	title="Proof-Pattern Recognition and Lemma Discovery in ACL2",
	bookTitle="Logic for Programming, Artificial Intelligence, and Reasoning: 19th International Conference",
	year="December 2013",
	//publisher="Springer Berlin Heidelberg",
	address="Stellenbosch, South Africa",
	pages="389--406",
	//isbn="978-3-642-45221-5",
	//doi="10.1007/978-3-642-45221-5_27",
	//url="http://dx.doi.org/10.1007/978-3-642-45221-5_27"
}


@inproceedings{threeyears,
	author={Paulson, Lawrence C. and Blanchette, Jasmine Christian},
	title={Three Years of Experience with Sledgehammer, a Practical Link between Automatic and Interactive Theorem Provers},
	bookTitle={8th International Workshop on the Implementation of Logics},
	year={October 2010},
		
}

@Article{SMTEVAL2013,
	author="Cok, David R.
	and Stump, Aaron
	and Weber, Tjark",
	title="The 2013 Evaluation of {SMT-COMP} and {SMT-LIB}",
	journal="Journal of Automated Reasoning",
	year="2015",
	volume="55",
	number="1",
	pages="61--90",
	//issn="1573-0670",
	//doi="10.1007/s10817-015-9328-2",
	//url="http://dx.doi.org/10.1007/s10817-015-9328-2"
}


@misc{AltErgo,
  author={Conchon, Sylvain and Contejean, \'{E}van},
  title={The {A}lt-{E}rgo automatic theorem prover},
  url={http://alt-ergo.lri.fr/},
  year={2008}
}


@inproceedings{DPVZ15:CAV,
	year={July 2015},
	//isbn={978-3-319-21689-8},
    address={San Francisco, CA, USA},
	booktitle={Computer Aided Verification},
	  //series    = {Lecture Notes in Computer Science},
	  //volume    = {9206},
	//doi={10.1007/978-3-319-21690-4_39},
	title={Empirical Software Metrics for Benchmarking of Verification Tools},
	//url={http://dx.doi.org/10.1007/978-3-319-21690-4_39},
	//publisher={Springer},
	author={Demyanova, Yulia and Pani, Thomas and Veith, Helmut and Zuleger, Florian},
	pages={561-579},
	language={English}
}

@misc{Yices,
	year=2006,
	author="Dutertre, Bruno and de Moura, Leonardo",
	title="The {Y}ices {SMT} Solver",
	url="http://yices.csl.sri.com/papers/tool-paper.pdf"
}

@Inproceedings{rodinplugin,
	author="Iliasov, Alexei
	and Stankaitis, Paulius
	and Adjepon-Yamoah, David
	and Romanovsky, Alexander",
	//editor="Butler, Michael
	and Schewe, Klaus-Dieter
	and Mashkoor, Atif
	and Biro, Miklos",
	title="Rodin Platform {W}hy3 Plug-In",
	bookTitle="ABZ 2016: Abstract State Machines, Alloy, B, TLA, VDM, and Z: 5th International Conference",
	year="May 2016",
	//publisher="Springer International Publishing",
	address="Linz, Austria",
	pages="275--281",
	//isbn="978-3-319-33600-8",
	//doi="10.1007/978-3-319-33600-8_21",
	//url="http://dx.doi.org/10.1007/978-3-319-33600-8_21"
}

@article{NDCG,
	author = {J\"{a}rvelin, Kalervo},
	title = {{IR} Research: Systems, Interaction, Evaluation and Theories},
	journal = {SIGIR Forum},
	issue_date = {December 2011},
	volume = {45},
	number = {2},
	year = {2012},
	//issn = {0163-5840},
	pages = {17--31},
	numpages = {15},
	//url = {http://doi.acm.org/10.1145/2093346.2093348},
	//doi = {10.1145/2093346.2093348},
	acmid = {2093348},
	publisher = {ACM},
	address = {New York, NY, USA},
} 

@Article{Flyspec,
author="Kaliszyk, Cezary
and Urban, Josef",
title="Learning-Assisted Automated Reasoning with {F}lyspeck",
journal="Journal of Automated Reasoning",
year="2014",
volume="53",
number="2",
pages="173--213",
//issn="1573-0670",
//doi="10.1007/s10817-014-9303-3",
//url="http://dx.doi.org/10.1007/s10817-014-9303-3"
}

@Article{Huisman2015,
	author="Huisman, Marieke
	and Klebanov, Vladimir
	and Monahan, Rosemary",
	title="VerifyThis 2012",
	journal="International Journal on Software Tools for Technology Transfer",
	year="2015",
	volume="17",
	number="6",
	pages="647--657",
	//issn="1433-2787",
	//doi="10.1007/s10009-015-0396-8",
	//url="http://dx.doi.org/10.1007/s10009-015-0396-8"
}


@Inproceedings{Klebanov2011,
	author="Klebanov, Vladimir
		and M{\"u}ller, Peter
		and Shankar, Natarajan
		and Leavens, Gary T.
		and W{\"u}stholz, Valentin
		and Alkassar, Eyad
		and Arthan, Rob
		and Bronish, Derek
		and Chapman, Rod
		and Cohen, Ernie
		and Hillebrand, Mark
		and Jacobs, Bart
		and Leino, K. Rustan M.
		and Monahan, Rosemary
		and Piessens, Frank
		and Polikarpova, Nadia
		and Ridge, Tom
		and Smans, Jan
		and Tobies, Stephan
		and Tuerk, Thomas
		and Ulbrich, Mattias
		and Wei{\ss}, Benjamin",
		//editor="Butler, Michael
		and Schulte, Wolfram",
	title="The 1st Verified Software Competition: Experience Report",
	bookTitle="FM 2011: 17th International Symposium on Formal Methods",
	year="June 2011",
	//publisher="Springer Berlin Heidelberg",
	address="Limerick, Ireland",
	pages="154--168",
	//isbn="978-3-642-21437-0",
	//doi="10.1007/978-3-642-21437-0_14",
	//url="http://dx.doi.org/10.1007/978-3-642-21437-0_14"
}

@inproceedings{compareWhy3,
	author = "Filli{\^a}tre, Jean-Christophe
	and Paskevich, Andrei 
	and Stump, Aaron ", 
	title={The 2nd Verified Software Competition: Experience Report},
	bookTitle={The 1st International Workshop on Comparative Empirical Evaluation of Reasoning Systems},	
	year="June, 2012",
	address={Manchester, UK},
	pages="36--49"
}

@inproceedings{ML4PG,
	author    = {Ekaterina Komendantskaya and
	           J{\'{o}}nathan Heras and
	           Gudmund Grov},
	title     = {Machine Learning in Proof General: Interfacing Interfaces},
	booktitle = {10th International Workshop On User Interfaces for Theorem
	           Provers},
	pages     = {15--41},
    address = {Bremen, Germany},
	year      = {July 2012},
	//crossref  = {DBLP:journals/corr/KaliszykL13},
	//url       = {http://dx.doi.org/10.4204/EPTCS.118.2},
	//doi       = {10.4204/EPTCS.118.2},
}

@Inproceedings{Dafny,
	author="Leino, K. Rustan M.",
	//editor="Clarke, Edmund M.
	and Voronkov, Andrei",
	title="Dafny: An Automatic Program Verifier for Functional Correctness",
	bookTitle="Logic for Programming, Artificial Intelligence, and Reasoning: 16th International Conference",
	year="Apr 2010",
	//publisher="Springer Berlin Heidelberg",
	address="Dakar, Senegal",
	pages="348--370",
	//isbn="978-3-642-17511-4",
	//doi="10.1007/978-3-642-17511-4_20",
	//url="http://dx.doi.org/10.1007/978-3-642-17511-4_20"
}

@Inproceedings{Leino10vacid-0:verification,
    author = {K. Rustan M. Leino and Micha\l{} Moskal},
    title = {VACID-0: Verification of Ample Correctness of Invariants of Data-structures, Edition 0},
    booktitle={Tools and Experiments Workshop at VSTTE},
    year = {2010},
}

@book{LiljaJ,
    author={Lilja,David J},
    year={2000},
    title={Measuring computer performance: a practitioner's guide},
    publisher={Cambridge Univ. Press},
    address={Cambridge, UK},
    keywords={Evaluation; Electronic digital computers; Congre; Computer Science; COMPUTERS; Performance of systems; Computer systems organisation; Electronic digital computers -- Evaluation -- Congresses},
    //isbn={9780521641050; 0521641055; 9780511151347; 0511151349}
}

@book{Mitchell,
	author={Mitchell,Tom M.},
	year={1997},
	title={Machine Learning},
	publisher={McGraw-Hill},
	address={New York, USA},
	keywords={Computer algorithms; Machine learning},
	//isbn={0071154671;9780070428072;9780071154673;0070428077;},
	language={English},
}

@article{sklearn,
	title={Scikit-learn: Machine Learning in {P}ython},
		author={Pedregosa, F. and Varoquaux, G. and Gramfort, A. and Michel, V.
		and Thirion, B. and Grisel, O. and Blondel, M. and Prettenhofer, P.
		and Weiss, R. and Dubourg, V. and Vanderplas, J. and Passos, A. and
		Cournapeau, D. and Brucher, M. and Perrot, M. and Duchesnay, E.},
	journal={Journal of Machine Learning Research},
	volume={12},
	pages={2825--2830},
	year={2011}
}

@article{Sutcliffe200139,
	title = "Evaluating general purpose automated theorem proving systems ",
	journal = "Artificial Intelligence ",
	volume = "131",
	number = "1-2",
	pages = "39-54",
	year = "2001",
	//issn = "0004-3702",
	//doi = "http://dx.doi.org/10.1016/S0004-3702(01)00113-8",
	//url = "http://www.sciencedirect.com/science/article/pii/S0004370201001138",
	author = "Geoff Sutcliffe and Christian Suttner"
}

@article{TPTP,
	author = {Sutcliffe, Geoff and Suttner, Christian},
	title = {The {TPTP} Problem Library},
	journal = {Journal Automated Reasoning},
	issue_date = {October 1998},
	volume = {21},
	number = {2},
	month = oct,
	year = {1998},
	//issn = {0168-7433},
	pages = {177--203},
	numpages = {27},
	//url = {http://dx.doi.org/10.1023/A:1005806324129},
	//doi = {10.1023/A:1005806324129},
	acmid = {594200},
	publisher = {Springer-Verlag New York, Inc.},
	address = {Secaucus, NJ, USA}
} 

@article{McCabe,
	author={McCabe,T. J.},
	year={1976},
	title={A Complexity Measure},
	journal={IEEE Transactions on Software Engineering},
	volume={SE-2},
	number={4},
	pages={308-320},
	//isbn={0098-5589},
}

@incollection{nuimeprn6458,
	booktitle = {8th International Workshop on Program Comprehension, 2000. Proceedings. IWPC 2000.},
	title = {Metric-based analysis of context-free grammars},
	author = {J.F. Power and B.A. Malloy},
	publisher = {IEEE},
	year = {2000},
	pages = {171--178},
	//note = {This is the preprint version of the published paper, which is available at DOI: 10.1109/WPC.2000.852491},
}

@book{AdvancedESE,
	author={Shull,Forrest and Singer,Janice and Sjoberg,Dag I. K.},
	year={2010},
	title={Guide to advanced empirical software engineering},
	publisher={Springer},
	address={London, UK},
	//edition={1st Softcover of orig. 2008.},
	//isbn={1849967121;9781849967129;},
}

@Article{Kitchenham2016,
	author="Kitchenham, Barbara
	and Madeyski, Lech
	and Budgen, David
	and Keung, Jacky
	and Brereton, Pearl
	and Charters, Stuart
	and Gibbs, Shirley
	and Pohthong, Amnart",
	title="Robust Statistical Methods for Empirical Software Engineering",
	journal="Empirical Software Engineering",
	year="2016",
	pages="1--52",
	//issn="1573-7616",
	//doi="10.1007/s10664-016-9437-5",
	//url="http://dx.doi.org/10.1007/s10664-016-9437-5"
}

@article{cloudML,
	author={Huang, Chenn-Jung and Wang, Yu-Wu and Guan, Chih-Tai and Chen,  Heng-Ming and Jian, Jui-Jiun},
	title={Applications of Machine Learning to Resource Management in Cloud Computing},
	journal={International Journal of Modeling and Optimization},
	year="2013",
	volume="3",
	number="2",
	pages="148--152"	
}

@inproceedings{Song:2014:PBR:2639490.2639510,
	author = {Song, Liyan and Minku, Leandro L. and Yao, Xin},
	title = {The Potential Benefit of Relevance Vector Machine to Software Effort Estimation},
	booktitle = {10th International Conference on Predictive Models in Software Engineering},
	series = {PROMISE '14},
	year = {2014},
	//isbn = {978-1-4503-2898-2},
	pages = {52--61},
	numpages = {10},
	//url = {http://doi.acm.org/10.1145/2639490.2639510},
	//doi = {10.1145/2639490.2639510},
	//acmid = {2639510},
	//publisher = {ACM},
	address = {Turin, Italy},
} 

@inproceedings{Staples:2013,
	author = {Staples, Mark and Kolanski, Rafal and Klein, Gerwin and Lewis, Corey and Andronick, June and Murray, Toby and Jeffery, Ross and Bass, Len},
	title = {Formal Specifications Better Than Function Points for Code Sizing},
	booktitle = {2013 International Conference on Software Engineering},
	//series = {ICSE '13},
	year = {2013},
	//isbn = {978-1-4673-3076-3},
	//location = {San Francisco, CA, USA},
	pages = {1257--1260},
	numpages = {4},
	//url = {http://dl.acm.org/citation.cfm?id=2486788.2486978},
	//acmid = {2486978},
	//publisher = {IEEE Press},
	address = {San Francisco, CA, USA},
} 

@article{ClassificationSurvey,
	author={Gandotra, Ekta and Bansal, Divya and Sofat, Sanjeev},
	title={Malware Analysis and Classification: A Survey},
	journal={Journal of Information Security},
	volume="5",
	year="2014",
	pages="56--64"
		
}

@Article{Assar2016,
	author="Assar, Sa{\"i}d
	and Borg, Markus
	and Pfahl, Dietmar",
	title="Using text clustering to predict defect resolution time: a conceptual replication and an evaluation of prediction accuracy",
	journal="Empirical Software Engineering",
	year="2016",
	volume="21",
	number="4",
	pages="1437--1475",
	//issn="1573-7616",
	//doi="10.1007/s10664-015-9391-7",
	//url="http://dx.doi.org/10.1007/s10664-015-9391-7"
}


@article{McCabeTesting,
	author = {McCabe, Thomas J. and Butler, Charles W.},
	title = {Design Complexity Measurement and Testing},
	journal = {Commun. ACM},
	issue_date = {Dec. 1989},
	volume = {32},
	number = {12},
	//month = dec,
	year = {1989},
	//issn = {0001-0782},
	pages = {1415--1425},
	numpages = {11},
	//url = {http://doi.acm.org/10.1145/76380.76382},
	//doi = {10.1145/76380.76382},
	//acmid = {76382},
	publisher = {ACM},
	//address = {New York, NY, USA},
} 



@inproceedings{ MUX,

	author={Tulsian,Varun and Kanade,Aditya and Kumar,Rahul and Lal,Akash and Nori,Aditya V.},
	booktitle={11th Working Conference on Mining Software Repositories},
    address={Hydrabad, India},
	year={May 2014},
	title={{MUX}: algorithm selection for software model checkers},
	//publisher={ACM},
	pages={132-141},
	//isbn={1450328636;9781450328630;},
	//language={English},
}

@article{Satzilla,
	author = {Xu, Lin and Hutter, Frank and Hoos, Holger H. and Leyton-Brown, Kevin},
	title = {{SAT}zilla: Portfolio-based Algorithm Selection for {SAT}},
	journal = {Journal of Artificial Intelligence Research},
	issue_date = {May 2008},
	volume = {32},
	number = {1},
	//month = jun,
	year = {2008},
	//issn = {1076-9757},
	pages = {565--606},
	numpages = {42},
	//url = {http://dl.acm.org/citation.cfm?id=1622673.1622687},
	acmid = {1622687},
	publisher = {AI Access Foundation},
	address = {USA},
} 